@book{lord2014introduction,
  title={An introduction to computational stochastic PDEs},
  author={Lord, Gabriel J and Powell, Catherine E and Shardlow, Tony},
  volume={50},
  year={2014},
  publisher={Cambridge University Press}
}